@INBOOK{chicago,
   title = "The Chicago Manual of Style",
   publisher = "University of Chicago Press",
   edition = "Thirteenth",
   year = 1982,
   pages = "400--401",
   key = "Chicago" }

@BOOK{texbook,
   author = "Donald E. Knuth",
   title= "The {{\TeX}book}",
   publisher = "Addison-Wesley",
   year = 1984 }

@BOOK{latex,
   author = "Leslie Lamport",
   title = "{\LaTeX \rm:} {A} Document Preparation System",
   publisher = "Addison-Wesley",
   year = 1986 }

@BOOK{strunk-and-white,
   author = "Strunk, Jr., William and E. B. White",
   title = "The Elements of Style",
   publisher = "Macmillan",
   edition = "Third",
   year = 1979 }

@BOOK{van-leunen,
   title = "A Handbook for Scholars",
   author = "Mary-Claire van Leunen",
   publisher = "Knopf",
   year = 1979 }

@MISC{HisMathArch,
   author = "John J. O'Connor and Edmund F. Robertson",
   howpublished = "\url{https://mathshistory.st-andrews.ac.uk/}",
   note = "The MacTutor History of Mathematics archive" }

@BOOK{rota,
   title = "Indiscrete Thoughts",
   author = "Gian-Carlo Rota",
   publisher = {Birkh\"{a}user},
   year = 1997 }

@MISC{m-w,
  title = "Merriam-Webster Online",
  howpublished = "\url{http://www.merriam-webster.com/cgi-bin/dictionary}",
}
@MISC{lam,
  title = "The Search for a Finite Projective Plane of Order 10",
  author = "C. W. H. Lam",
  howpublished = "\url{http://www.cecm.sfu.ca/organics/papers/lam/paper/html/paper.html}",
}

@MISC{radz,
  title = "Small Ramsey Numbers",
  author = "Stanislaw Radziszowski",
  howpublished = "\url{https://www.combinatorics.org/ojs/index.php/eljc/article/view/DS1}",
}

@MISC{wiki-4color,
  author = "Wikipedia contributors",
  title = "The four color theorem",
  howpublished = "Wikipedia, the free encyclopedia. %
\url{http://en.wikipedia.org/wiki/Four_color_theorem}",
}

@MISC{wiki-CBS,
  author = "Wikipedia contributors",
  title = "Cantor-Bernstein-Schroeder theorem",
  howpublished = "Wikipedia, the free encyclopedia. %
\url{http://en.wikipedia.org/wiki/Cantor-Bernstein-Schroeder_theorem}",
}

@MISC{wiki-goldbach,
  author = "Wikipedia contributors",
  title = "Christian \protect{G}oldbach",
  howpublished = "Wikipedia, the free encyclopedia. %
\url{http://en.wikipedia.org/wiki/Christian_Goldbach}",
}

@MISC{wiki-Erdos_number,
  author = "Wikipedia contributors",
  title = "Erdos number",
  howpublished = "Wikipedia, the free encyclopedia. %
\url{http://en.wikipedia.org/wiki/Erdos_number}",
}

@BOOK{putnam1,
   title = "The William Lowell Putnam Mathematical Competition
Problems \& Solutions: 1938-1964",
   author = "A. M. Gleason, R. E. Greenwood and L. M. Kelly",
   publisher = {The Mathematical Association of America},
   year = {Reissued 2003} }

@BOOK{putnam2,
   title = "The William Lowell Putnam Mathematical Competitions Problems \& Solutions: 1965 - 1984",
   author = "Gerald L. Alexanderson, Leonard F. Klosinski and Loren C. Larson",   publisher = {The Mathematical Association of America},
   year = {Reissued 2003} }

@BOOK{putnam3,
   title = "The William Lowell Putnam Mathematical Competition 1985-2000: Problems Solutions, and Commentary",
   author = "Kiran S. Kedlaya, Bjorn Poonen and Ravi Vakil",
   publisher = {The Mathematical Association of America},
   year = 2002 }

@BOOK{upint,
   author = "Richard K. Guy",
   title= "Unsolved Problems in Number Theory",
   publisher = "Springer-Verlag",
   year = {3rd edition, 2004} }

@BOOK{PM,
   author = "Alfred North Whitehead and Bertrand Russell",
   title= "Principia Mathematica",
   publisher = "Cambridge University Press",
   year = {1910} }

@BOOK{macl,
   author = "Saunders MacLane",
   title= "Categories for the Working Mathematician",
   publisher = "Springer-Verlag",
   year = {2nd edition, 1998} }

@BOOK{struik,
   author = "D. J. Struik",
   title = "A Source Book in Mathematics, 1200-1800",
   publisher = "Princeton University Press", 
   year = {1986} } 

@BOOK{pftB,
   author = "Martin Aigner and Gunter M. Ziegler",
   title = "Proofs from THE BOOK",
   publisher = "Springer-Verlag", 
   year = {2nd edition, 2001} } 
@Article{lighthouse,
  author = 	 {Richard K. Guy},
  title = 	 {The Lighthouse Theorem, \protect{M}orley \& \protect{M}alfatti -- A Budget of Paradoxes},
  journal = 	 {American Mathematical Monthly},
  year = 	 {2007},
  OPTkey = 	 {},
  OPTvolume = 	 {},
  OPTnumber = 	 {114},
  OPTpages = 	 {97-141},
  OPTmonth = 	 {},
  OPTnote = 	 {},
  OPTannote = 	 {}
}

@Article{satyana,
  author = 	 {M. Satyanarayana},
  title = 	 {none given},
  journal = 	 {Math. Quest. Educ. Times (New Series)},
  year = 	 {1909},
  OPTkey = 	 {},
  OPTvolume = 	 {15},
  OPTnumber = 	 {},
  OPTpages = 	 {23-24},
  OPTmonth = 	 {},
  OPTnote = 	 {},
  OPTannote = 	 {}
}

